@article{yourpaper1,
title = {The best paper ever written},
journal = {Nature Universe},
volume = {-3},
pages = {$\infty$},
year = {0 A.D.},
author = {Your Name and Al Et},
}

